<record><leader>00000cas a2200000 a 4500</leader><controlfield tag="001">24123714</controlfield><controlfield tag="008">910724d19801997ncuwr ne      0    0eng d</controlfield><datafield ind1=" " ind2=" " tag="010"><subfield code="a">sn 89080097 </subfield></datafield><datafield ind1=" " ind2=" " tag="040"><subfield code="a">NPV</subfield><subfield code="b">eng</subfield><subfield code="c">NPV</subfield><subfield code="d">OCL</subfield><subfield code="d">NVJ</subfield><subfield code="d">OCL</subfield><subfield code="d">OCLCQ</subfield><subfield code="d">OCLCF</subfield><subfield code="d">OCLCO</subfield></datafield><datafield ind1="1" ind2=" " tag="029"><subfield code="a">AU@</subfield><subfield code="b">000021635008</subfield></datafield><datafield ind1=" " ind2=" " tag="037"><subfield code="b">Iredell County News, 505 S. Center St., Statesville, NC 28677</subfield></datafield><datafield ind1=" " ind2=" " tag="042"><subfield code="a">msc</subfield></datafield><datafield ind1=" " ind2=" " tag="043"><subfield code="a">n-us-nc</subfield><subfield code="a">n-us---</subfield></datafield><datafield ind1="0" ind2="0" tag="245"><subfield code="a">Iredell County news.</subfield></datafield><datafield ind1=" " ind2=" " tag="260"><subfield code="a">Statesville, N.C. :</subfield><subfield code="b">Iredell Pub. Co.</subfield></datafield><datafield ind1=" " ind2=" " tag="300"><subfield code="a">v. :</subfield><subfield code="b">ill.</subfield></datafield><datafield ind1=" " ind2=" " tag="310"><subfield code="a">Weekly,</subfield><subfield code="b">Oct. 7, 1982-Nov. 20, 1997</subfield></datafield><datafield ind1=" " ind2=" " tag="321"><subfield code="a">Weekly,</subfield><subfield code="b">&lt;Oct. 2, 1980&gt;-May 14, 1981</subfield></datafield><datafield ind1=" " ind2=" " tag="321"><subfield code="a">Biweekly,</subfield><subfield code="b">May 28, 1981-Sept. 23, 1982</subfield></datafield><datafield ind1="1" ind2=" " tag="362"><subfield code="a">Began in Sept. 1980.</subfield></datafield><datafield ind1="0" ind2=" " tag="362"><subfield code="a">-v. 17, no. 5 (Nov. 20, 1997).</subfield></datafield><datafield ind1=" " ind2=" " tag="530"><subfield code="a">Available on microfilm from Div. of Archives &amp; History, N.C. Dept. of Cultural Resources.</subfield></datafield><datafield ind1=" " ind2=" " tag="580"><subfield code="a">Issued with: Piedmont sun (Statesville, N.C.), &lt;1993&gt;-1997.</subfield></datafield><datafield ind1=" " ind2=" " tag="588"><subfield code="a">Description based on: Vol. 1, no. 2 (Oct. 2, 1980).</subfield></datafield><datafield ind1=" " ind2="0" tag="650"><subfield code="a">African Americans</subfield><subfield code="z">North Carolina</subfield><subfield code="z">Iredell County</subfield><subfield code="v">Newspapers.</subfield></datafield><datafield ind1=" " ind2="0" tag="651"><subfield code="a">Piedmont (U.S. : Region)</subfield><subfield code="v">Newspapers.</subfield></datafield><datafield ind1=" " ind2="7" tag="655"><subfield code="a">Newspapers.</subfield><subfield code="2">fast</subfield><subfield code="0">(OCoLC)fst01423814</subfield></datafield><datafield ind1=" " ind2="7" tag="650"><subfield code="a">African Americans.</subfield><subfield code="2">fast</subfield><subfield code="0">(OCoLC)fst00799558</subfield></datafield><datafield ind1=" " ind2="7" tag="651"><subfield code="a">North Carolina</subfield><subfield code="z">Iredell County.</subfield><subfield code="2">fast</subfield><subfield code="0">(OCoLC)fst01204548</subfield></datafield><datafield ind1=" " ind2="7" tag="651"><subfield code="a">United States</subfield><subfield code="z">Piedmont Region.</subfield><subfield code="2">fast</subfield><subfield code="0">(OCoLC)fst01333926</subfield></datafield><datafield ind1=" " ind2=" " tag="752"><subfield code="a">United States</subfield><subfield code="b">North Carolina</subfield><subfield code="c">Iredell</subfield><subfield code="d">Statesville.</subfield></datafield><datafield ind1="1" ind2=" " tag="777"><subfield code="t">Piedmont sun (Statesville, N.C.)</subfield><subfield code="w">(DLC)sn 97064593</subfield></datafield><datafield ind1="0" ind2="0" tag="780"><subfield code="t">Iredell County post</subfield><subfield code="w">(DLC)sn 97064596</subfield></datafield><datafield ind1="0" ind2="0" tag="785"><subfield code="t">County news (Statesville, N.C.)</subfield><subfield code="w">(DLC)sn 97064592</subfield></datafield></record>